@inproceedings{Shapiro2011ConflictFreeRD,
  title={Conflict-Free Replicated Data Types},
  author={Marc Shapiro and Nuno M. Pregui√ßa and Carlos Baquero and Marek Zawirski},
  booktitle={Safety-critical Systems Symposium},
  year={2011}
}